<mx:record xmlns="http://www.w3.org/TR/xhtml1/strict" xmlns:mx="http://www.loc.gov/MARC21/slim" xmlns:xsi="http://www.w3.org/2001/XMLSchema-instance"><mx:leader>00000cz   2200000n  4500</mx:leader><mx:controlfield tag="001">oca00277033 </mx:controlfield><mx:controlfield tag="005">20050427183123.0</mx:controlfield><mx:controlfield tag="008">790509n| acannaab           |a aaa      </mx:controlfield><mx:datafield ind1=" " ind2=" " tag="010"><mx:subfield code="a">n  79043613 </mx:subfield></mx:datafield><mx:datafield ind1=" " ind2=" " tag="040"><mx:subfield code="a">DLC</mx:subfield><mx:subfield code="c">DLC</mx:subfield></mx:datafield><mx:datafield ind1=" " ind2="0" tag="053"><mx:subfield code="a">PA8290</mx:subfield></mx:datafield><mx:datafield ind1="0" ind2=" " tag="100"><mx:subfield code="a">Bonaventure,</mx:subfield><mx:subfield code="c">Saint, Cardinal,</mx:subfield><mx:subfield code="d">ca. 1217-1274.</mx:subfield></mx:datafield><mx:datafield ind1="0" ind2=" " tag="400"><mx:subfield code="a">Buenaventura,</mx:subfield><mx:subfield code="c">Saint, Cardinal,</mx:subfield><mx:subfield code="d">ca. 1217-1274</mx:subfield></mx:datafield><mx:datafield ind1="0" ind2=" " tag="400"><mx:subfield code="a">Boaventura,</mx:subfield><mx:subfield code="c">de Bagnoreggio, Saint, Cardinal,</mx:subfield><mx:subfield code="d">ca. 1217-1274</mx:subfield></mx:datafield><mx:datafield ind1="0" ind2=" " tag="400"><mx:subfield code="a">Bonaventura,</mx:subfield><mx:subfield code="c">Saint, Cardinal,</mx:subfield><mx:subfield code="d">ca. 1217-1274</mx:subfield></mx:datafield><mx:datafield ind1="1" ind2=" " tag="400"><mx:subfield code="a">Fidanza, Giovanni,</mx:subfield><mx:subfield code="c">Saint, Cardinal,</mx:subfield><mx:subfield code="d">ca. 1217-1274</mx:subfield></mx:datafield><mx:datafield ind1="0" ind2=" " tag="400"><mx:subfield code="a">Sheng Wen-te,</mx:subfield><mx:subfield code="d">ca. 1217-1274</mx:subfield></mx:datafield><mx:datafield ind1="0" ind2=" " tag="400"><mx:subfield code="a">Bonaventura,</mx:subfield><mx:subfield code="c">Saint, Cardinal,</mx:subfield><mx:subfield code="d">1221-1274</mx:subfield><mx:subfield code="w">nnaa</mx:subfield></mx:datafield><mx:datafield ind1="0" ind2=" " tag="400"><mx:subfield code="a">Bonawentura,</mx:subfield><mx:subfield code="c">Saint, Cardinal,</mx:subfield><mx:subfield code="d">ca. 1217-1274</mx:subfield></mx:datafield><mx:datafield ind1="0" ind2=" " tag="400"><mx:subfield code="a">Wen-te,</mx:subfield><mx:subfield code="c">Saint, Cardinal,</mx:subfield><mx:subfield code="d">ca. 1217-1274</mx:subfield></mx:datafield><mx:datafield ind1=" " ind2=" " tag="670"><mx:subfield code="a">Św. Bonawentura, 1979 (subj.)</mx:subfield><mx:subfield code="b">t.p. (Św. Bonawentura)</mx:subfield></mx:datafield></mx:record>